<?xml version="1.0" encoding="UTF-8"?><collection xmlns="http://www.loc.gov/MARC21/slim"><record><leader>00410nam--2200133-i-4500</leader><controlfield tag="001">000028662</controlfield><controlfield tag="002">20161230</controlfield><controlfield tag="005">20161230201037</controlfield><controlfield tag="008">060222s1000------------r-----000-0-eng-d</controlfield><datafield ind1=" " ind2=" " tag="080"><subfield code="a">621.380</subfield></datafield><datafield ind1=" " ind2=" " tag="100"><subfield code="a">Langton, L.L</subfield></datafield><datafield ind1=" " ind2=" " tag="245"><subfield code="a">Radio-frequency heating equipment. with particular reference to the theory and design of self-excited power oscillators</subfield></datafield><datafield ind1=" " ind2=" " tag="260"><subfield code="a">London, I. Pitman, 1949, Ix + 196p</subfield></datafield><datafield ind1=" " ind2=" " tag="852"><subfield code="a">2671</subfield></datafield></record></collection>